@article{mixmatch-2019,
  author    = {David Berthelot and
               Nicholas Carlini and
               Ian J. Goodfellow and
               Nicolas Papernot and
               Avital Oliver and
               Colin Raffel},
  title     = {MixMatch: {A} Holistic Approach to Semi-Supervised Learning},
  journal   = {CoRR},
  volume    = {abs/1905.02249},
  year      = {2019},
  url       = {http://arxiv.org/abs/1905.02249},
  eprinttype = {arXiv},
  eprint    = {1905.02249},
  timestamp = {Mon, 27 May 2019 13:15:00 +0200},
  biburl    = {https://dblp.org/rec/journals/corr/abs-1905-02249.bib},
  bibsource = {dblp computer science bibliography, https://dblp.org}
}

@misc{wide-resnet-2017,
      title={Wide Residual Networks}, 
      author={Sergey Zagoruyko and Nikos Komodakis},
      year={2017},
      eprint={1605.07146},
      archivePrefix={arXiv},
      primaryClass={cs.CV}
}

@misc{remixmatch-2020,
      title={ReMixMatch: Semi-Supervised Learning with Distribution Alignment and Augmentation Anchoring}, 
      author={David Berthelot and Nicholas Carlini and Ekin D. Cubuk and Alex Kurakin and Kihyuk Sohn and Han Zhang and Colin Raffel},
      year={2020},
      eprint={1911.09785},
      archivePrefix={arXiv},
      primaryClass={cs.LG}
}

@misc{fixmatch-2020,
      title={FixMatch: Simplifying Semi-Supervised Learning with Consistency and Confidence}, 
      author={Kihyuk Sohn and David Berthelot and Chun-Liang Li and Zizhao Zhang and Nicholas Carlini and Ekin D. Cubuk and Alex Kurakin and Han Zhang and Colin Raffel},
      year={2020},
      eprint={2001.07685},
      archivePrefix={arXiv},
      primaryClass={cs.LG}
}

@inproceedings{cifar10-2009,
  title={Learning Multiple Layers of Features from Tiny Images},
  author={Alex Krizhevsky},
  year={2009}
}

@article{ssl-overview-2020,
  author    = {Yassine Ouali and
               C{\'{e}}line Hudelot and
               Myriam Tami},
  title     = {An Overview of Deep Semi-Supervised Learning},
  journal   = {CoRR},
  volume    = {abs/2006.05278},
  year      = {2020},
  url       = {https://arxiv.org/abs/2006.05278},
  eprinttype = {arXiv},
  eprint    = {2006.05278},
  timestamp = {Fri, 12 Jun 2020 14:02:57 +0200},
  biburl    = {https://dblp.org/rec/journals/corr/abs-2006-05278.bib},
  bibsource = {dblp computer science bibliography, https://dblp.org}
}

@misc{lvae-2016,
      title={Ladder Variational Autoencoders}, 
      author={Casper Kaae Sønderby and Tapani Raiko and Lars Maaløe and Søren Kaae Sønderby and Ole Winther},
      year={2016},
      eprint={1602.02282},
      archivePrefix={arXiv},
      primaryClass={stat.ML}
}

@misc{unet-2015,
      title={U-Net: Convolutional Networks for Biomedical Image Segmentation}, 
      author={Olaf Ronneberger and Philipp Fischer and Thomas Brox},
      year={2015},
      eprint={1505.04597},
      archivePrefix={arXiv},
      primaryClass={cs.CV}
}

@article{intro-vae-2019,
	doi = {10.1561/2200000056},
  
	url = {https://doi.org/10.1561%2F2200000056},
  
	year = 2019,
	publisher = {Now Publishers},
  
	volume = {12},
  
	number = {4},
  
	pages = {307--392},
  
	author = {Diederik P. Kingma and Max Welling},
  
	title = {An Introduction to Variational Autoencoders},
  
	journal = {Foundations and Trends{\textregistered} in Machine Learning}
}

@book{ssl-book-2006,
  added-at = {2019-07-22T00:00:00.000+0200},
  biburl = {https://www.bibsonomy.org/bibtex/265ac136f8b3a44d77fcf9ec42829296a/dblp},
  editor = {Chapelle, Olivier and Schölkopf, Bernhard and Zien, Alexander},
  ee = {https://doi.org/10.7551/mitpress/9780262033589.001.0001},
  interhash = {90eecf83da2790cac977f375160081fe},
  intrahash = {65ac136f8b3a44d77fcf9ec42829296a},
  isbn = {9780262033589},
  keywords = {dblp},
  publisher = {The MIT Press},
  timestamp = {2019-09-17T12:36:24.000+0200},
  title = {Semi-Supervised Learning},
  url = {http://dblp.uni-trier.de/db/books/collections/CSZ2006.html},
  year = 2006
}

@book{vapnik-quote-2006,
author = {Vapnik, Vladimir and Kotz, S.},
title = {Estimation of Dependences Based on Empirical Data: Empirical Inference Science (Information Science and Statistics)},
year = {2006},
isbn = {0387308652},
publisher = {Springer-Verlag},
address = {Berlin, Heidelberg}
}

# K-means
@inproceedings{k-means-1967,
  title={Classification and analysis of multivariate observations},
  author={MacQueen, J},
  booktitle={5th Berkeley Symp. Math. Statist. Probability},
  pages={281--297},
  year={1967},
  organization={University of California Los Angeles LA USA}
}

@article{k-means-1982,
  title={Least squares quantization in PCM},
  author={Lloyd, Stuart},
  journal={IEEE transactions on information theory},
  volume={28},
  number={2},
  pages={129--137},
  year={1982},
  publisher={IEEE}
}


@inproceedings{entropy-min-2004,
author = {Grandvalet, Yves and Bengio, Y.},
year = {2004},
month = {01},
pages = {},
title = {Semi-supervised Learning by Entropy Minimization},
volume = {17},
journal = {Adv. Neural Inform. Process. Syst.}
}

@inproceedings{how-to-evalute-ssl-2018,
 author = {Oliver, Avital and Odena, Augustus and Raffel, Colin A and Cubuk, Ekin Dogus and Goodfellow, Ian},
 booktitle = {Advances in Neural Information Processing Systems},
 editor = {S. Bengio and H. Wallach and H. Larochelle and K. Grauman and N. Cesa-Bianchi and R. Garnett},
 pages = {},
 publisher = {Curran Associates, Inc.},
 title = {Realistic Evaluation of Deep Semi-Supervised Learning Algorithms},
 url = {https://proceedings.neurips.cc/paper_files/paper/2018/file/c1fea270c48e8079d8ddf7d06d26ab52-Paper.pdf},
 volume = {31},
 year = {2018}
}

@techreport{another-survey-2008,
  added-at = {2008-06-16T04:10:48.000+0200},
  author = {Zhu, Xiaojin},
  biburl = {https://www.bibsonomy.org/bibtex/2f30e96810896e4cad560e59e3c24730f/mkroell},
  institution = {Computer Sciences, University of Wisconsin-Madison},
  interhash = {05c1b88e40d74938a36fbd67d02c9bce},
  intrahash = {f30e96810896e4cad560e59e3c24730f},
  keywords = {SemiSupervised classification learning survey},
  number = 1530,
  timestamp = {2008-12-23T14:20:23.000+0100},
  title = {Semi-Supervised Learning Literature Survey},
  url = {http://pages.cs.wisc.edu/~jerryzhu/pub/ssl_survey.pdf},
  year = 2005
}

@misc{mixup-2018,
      title={mixup: Beyond Empirical Risk Minimization}, 
      author={Hongyi Zhang and Moustapha Cisse and Yann N. Dauphin and David Lopez-Paz},
      year={2018},
      eprint={1710.09412},
      archivePrefix={arXiv},
      primaryClass={cs.LG}
}

@misc{weight-decay-2019,
      title={Decoupled Weight Decay Regularization}, 
      author={Ilya Loshchilov and Frank Hutter},
      year={2019},
      eprint={1711.05101},
      archivePrefix={arXiv},
      primaryClass={cs.LG}
}

@article{psuedo-label-2013,
author = {Lee, Dong-Hyun},
year = {2013},
month = {07},
pages = {},
title = {Pseudo-Label : The Simple and Efficient Semi-Supervised Learning Method for Deep Neural Networks},
journal = {ICML 2013 Workshop : Challenges in Representation Learning (WREPL)}
}

@misc{temporal-ensembling-2017,
      title={Temporal Ensembling for Semi-Supervised Learning}, 
      author={Samuli Laine and Timo Aila},
      year={2017},
      eprint={1610.02242},
      archivePrefix={arXiv},
      primaryClass={cs.NE}
}

@misc{mean-teacher-2018,
      title={Mean teachers are better role models: Weight-averaged consistency targets improve semi-supervised deep learning results}, 
      author={Antti Tarvainen and Harri Valpola},
      year={2018},
      eprint={1703.01780},
      archivePrefix={arXiv},
      primaryClass={cs.NE}
}

@misc{regularization-&-pertrubations-2016,
      title={Regularization With Stochastic Transformations and Perturbations for Deep Semi-Supervised Learning}, 
      author={Mehdi Sajjadi and Mehran Javanmardi and Tolga Tasdizen},
      year={2016},
      eprint={1606.04586},
      archivePrefix={arXiv},
      primaryClass={cs.CV}
}

